<record><leader>00000cas a22000007a 4500</leader><controlfield tag="001">14366925</controlfield><controlfield tag="008">861009u1866uuuutxuwr ne      0    0eng d</controlfield><datafield ind1=" " ind2=" " tag="010"><subfield code="a">sn 86089477 </subfield></datafield><datafield ind1=" " ind2=" " tag="040"><subfield code="a">PPM</subfield><subfield code="b">eng</subfield><subfield code="c">PPM</subfield><subfield code="d">OCLCQ</subfield></datafield><datafield ind1=" " ind2=" " tag="042"><subfield code="a">msc</subfield></datafield><datafield ind1="0" ind2=" " tag="130"><subfield code="a">Texas star (Kaufman, Tex. : 1866)</subfield></datafield><datafield ind1="1" ind2="4" tag="245"><subfield code="a">The Texas star.</subfield></datafield><datafield ind1=" " ind2=" " tag="260"><subfield code="a">Kaufman, Tex. :</subfield><subfield code="b">G.J. Clark &amp; H.W. Kyser</subfield></datafield><datafield ind1=" " ind2=" " tag="300"><subfield code="a">v. ;</subfield><subfield code="c">45 cm.</subfield></datafield><datafield ind1=" " ind2=" " tag="310"><subfield code="a">Weekly</subfield></datafield><datafield ind1="1" ind2=" " tag="362"><subfield code="a">Began in 1866?</subfield></datafield><datafield ind1=" " ind2=" " tag="588"><subfield code="a">Description based on: Vol. 1, no. 3 (Jan. 27, 1866).</subfield></datafield><datafield ind1=" " ind2=" " tag="752"><subfield code="a">United States</subfield><subfield code="b">Texas</subfield><subfield code="c">Kaufman</subfield><subfield code="d">Kaufman.</subfield></datafield><datafield ind1="1" ind2=" " tag="029"><subfield code="a">AU@</subfield><subfield code="b">000025840531</subfield></datafield></record>